
@misc{kevinashton,
	title={Kevin Ashton},
	howpublished={"\url{https://en.wikipedia.org/wiki/KevinAshton/}"}}

@misc{toys,
	title={CloudPets stuffed toys leak details of half a million users },
	author={Alex Hern},
  	year={2017},
	howpublished="\url{https://www.theguardian.com/technology/2017/feb/28/cloudpets-data-breach-leaks-details-of-500000-children-and-adults}"
}

@misc{forbes,
	title={2017 Roundup Of Internet Of Things Forecasts},
	author={Louis Columbus},
	year={2017},
	howpublished="\url{https://www.forbes.com/sites/louiscolumbus/2017/12/10/2017-roundup-of-internet-of-things-forecasts/#5866d27d1480}"
}

@misc{cirruslink,
	title={Cirrus Link},
	howpublished="\url{https://www.cirrus-link.com/}"}

@misc{ibm,
	title={IBM},
	howpublished="\url{https://www.ibm.com/}"
}

@misc{shodan,
	title={Shodan},
	howpublished="\url{https://www.shodan.io/}"
}

@misc{mqttslideshare,
	title={Message queuing telemetry transport(mqtt) and part and summarizing},
	author="Khamdamboy Urunov",
	year={2016},
	howpublished="\url{https://www.slideshare.net/Hamdamboy/message-queuing-telemetry-transport-mqttand-part-3-and-summarizing}"
}

@misc{mqttrfc,
	title={MQTT RFC},
	year={2014},
	howpublished="\url{http://docs.oasis-open.org/mqtt/mqtt/v3.1.1/os/mqtt-v3.1.1-os.pdf}"
}

@misc{hivemq,
	title={MQTT Security fundamentals},
	author="dc-square GmbH",
	howpublished="\url{https://www.hivemq.com/blog/mqtt-security-fundamentals-authentication-username-password}"
}

@misc{morphuslab,
	title={Hacking the IoT with MQTT},
	author="Victor Pasknel",
	year={2017},
	howpublished="\url{https://morphuslabs.com/hacking-the-iot-with-mqtt-8edaf0d07b9b}"
}

@misc{sslvulns,
	title={Digicert},
	howpublished="\url{https://www.digicert.com/cert-inspector-vulnerabilities.htm#certificate_vulnerabilities}"
}

@misc{mitmwiki,
	title={Man In The Middle},
	howpublished="\url{https://en.wikipedia.org/wiki/Man-in-the-middle_attack}"
}

@misc{oauthwiki,
	title={OAuth},
	howpublished="\url{https://en.wikipedia.org/wiki/OAuth}"
}

@misc{ocspwiki,
	title={OCSP},
	howpublished="https://en.wikipedia.org/wiki/Online_Certificate_Status_Protocol"
}

@misc{mqttonlywithsdp,
	title={Is MQTT Secure for the IoT? Only with an SDP!},
	author="Juanita Koilpillai",
	year={2016},
	howpublished="\url{http://www.waverleylabs.com/is-mqtt-secure-for-the-iot-only-with-an-sdp/}"
}

@misc{portknockandspaanalysis,
	title={An Analysis of Port Knocking and Single Packet Authorization},
	author="Sebastien Jeanquier",
	year={2006},
	howpublished="\url{https://www.securitygeneration.com/wp-content/uploads/2010/05/An-Analysis-of-Port-Knocking-and-Single-Packet-Authorization-Sebastien-Jeanquier.pdf}"
}

@misc{mqttsurvey,
	title = {A SURVEY ON MQTT: A PROTOCOL OF INTERNET OF THINGS(IOT)},
	author = {Soni, Dipa and Makwana, Ashwin},
	year = {2017},
	howpublished="\url{https://www.researchgate.net/publication/316018571_A_SURVEY_ON_MQTT_A_PROTOCOL_OF_INTERNET_OF_THINGSIOT}"
}

@misc{protectnetwithsdp,
	title={Proteggere la rete con il Software Defined Perimeter},
	author="01net.",
	year={2018},
	howpublished="\url{https://www.01net.it/proteggere-rete-software-defined-perimeter/}"
}

@misc{zigbeewirelesstechnology,
	title={ZigBee Wireless Technology Architecture and Applications},
	author="Tarun Agarwal",
	howpublished="\url{https://www.elprocus.com/what-is-zigbee-technology-architecture-and-its-applications/}"}

@misc{secanalysisofzigbee,
	title={Security Analysis of Zigbee},
	author="Xueqi Fan, Fransisca Susan, William Long, Shangyan Li",
	year={2017}
}

@misc{onewaycompressionfunc,
	title={One way compression function},
	howpublished="\url{https://en.wikipedia.org/wiki/One-way_compression_function}"
}

@misc{security802154,
	title={Security in 802.15.4 and ZigBee networks},
	author="David Gasc√≥n",
	year={2009},
	howpublished="\url{http://www.libelium.com/security-802-15-4-zigbee/}"
}

@misc{aesccmwiki,
	title={CCM mode},
	howpublished="\url{https://en.wikipedia.org/wiki/CCM_mode}"	
}

@misc{zigbeesecbasics2,
	title={Zigbee Security: Basics, part 2},
	author="Vishruta Rudresh",
	year={2017},
	howpublished="\url{https://research.kudelskisecurity.com/2017/11/21/zigbee-security-basics-part-2/}"
}

@misc{zigbeesecbasics3,
	title={Zigbee Security: Basics, part 1},
	author="Vishruta Rudresh",
	year={2017},
	howpublished="\url{https://research.kudelskisecurity.com/2017/11/21/zigbee-security-basics-part-3/}"
}

@misc{zigbeespec,
	title={ZigBee Specification},
	howpublished="\url{http://www.zigbee.org/wp-content/uploads/2014/11/docs-05-3474-20-0csg-zigbee-specification.pdf}"}

@misc{digi,
	title={ZigBee Stack Layers},
	howpublished="\url{https://www.digi.com/resources/documentation/Digidocs/90002002/Content/Reference/r_zb_stack.htm}"}

@misc{maxseczigbeenet,
	title={Maximizing Security in ZigBee Networks},
	howpublished="\url{https://www.nxp.com/docs/en/supporting-information/MAXSECZBNETART.pdf}",
	author="nxp",
	year={2017}}

